@article{industrial-robot-growth,
  author  = {Marketingový{\ }tým{\ }Robotics{\ }Online},
  title   = {Industrial Robot Industry Sees Exceptional Growth: 2018 Review},
  journal = {Robotics Online},
  date    = {2018-12-11},
  urldate = {2019-01-22},
  url     = {https://www.robotics.org/blog-article.cfm/Industrial-Robot-Industry-Sees-Exceptional-Growth-2018-Review/131}}


@article{amazon-hiring,
  author  = {Alison Griswold},
  title   = {Amazon is hiring fewer workers this holiday season, a sign that robots are replacing them},
  journal = {Quartz},
  date    = {2018-11-02},
  urldate = {2019-01-23},
  url     = {https://qz.com/1449634/amazons-reduced-holiday-hiring-is-a-bad-sign-for-human-workers/?utm_source=reddit.com}}


@misc{version-control-usage-statistics,
  title   = {Open Hub -- Compare Repositories},
  urldate = {2019-01-27},
  url     = {https://www.openhub.net/repositories/compare}}


@article{cvcs-vs-dvcs,
  author  = {Giancarlo Lionetti},
  title   = {What is version control: centralized vs. DVCS},
  journal = {Atlassian},
  date    = {2012-02-14},
  urldate = {2019-01-26},
  url     = {https://www.netlify.com/blog/2018/07/12/the-reign-of-static-site-generators-/}}


@article{katex-mathjax-comparison,
  author  = {Murray Bourne},
  title   = {KaTeX and MathJax Comparison Demo},
  date    = {2018-09-02},
  urldate = {2019-02-02},
  url     = {https://www.intmath.com/cg5/katex-mathjax-comparison.php}}


@misc{tex-history,
  title   = {Just what is TeX?},
  date    = {2015-09-12},
  urldate = {2019-01-29},
  url     = {https://tug.org/whatis.html}}


@InBook{getting-started-with-latex,
  author  = {David R. Wilkins},
  title   = {Getting Started with \LaTeX},
  edition = 2,
  chapter = 1,
  date    = {1995},
  urldate = {2019-01-29},
  url     = {https://www.maths.tcd.ie/~dwilkins/LaTeXPrimer/GSWLaTeX.pdf}}


@PhdThesis{pdftex,
  author  = {Hàn Thế Thành},
  title   = {Micro-typographic extensions to the \TeX{} typesetting system},
  school  = {Masarykova univerzita},
  date    = {2000},
  urldate = {2019-01-29},
  url     = {http://www.tug.org/TUGboat/tb21-4/tb69thanh.pdf}}


@misc{vector-vs-bitmap,
  author  = {Gavin Russell},
  title   = {Vector vs. Bitmap},
  date    = {2015},
  urldate = {2019-01-29},
  url     = {http://www.cs.ucc.ie/~gavin/cs1050/the_internet/slides/ch07s01s01.html.htm}}


@misc{making-of-python,
  author  = {Bill Venners},
  title   = {The Making of Python},
  date    = {2015-01-13},
  urldate = {2019-02-01},
  url     = {https://www.artima.com/intv/python.html}}


@misc{github-statistics,
  title   = {The State of the Octoverse},
  date    = {2018},
  urldate = {2019-01-31},
  url     = {https://octoverse.github.com/}}


@article{history-of-pdf,
  author  = {Edgardo García},
  title   = {History of PDF},
  journal = {rgbcmyk},
  date    = {2016-09-20},
  urldate = {2019-01-31},
  url     = {http://rgbcmyk.com.ar/en/history-of-pdf/}}


@article{the-origin-of-javascript,
  title   = {The Origin of Javascript with Brendan Eich},
  journal = {JavaScript Jabber},
  date    = {2014-09-03},
  urldate = {2019-02-01},
  url     = {https://devchat.tv/js-jabber/124-jsj-the-origin-of-javascript-with-brendan-eich/?utm_medium=email&utm_source=javascriptweekly}}


@article{markdown-history,
  author  = {John Gruber},
  title   = {Markdown},
  journal = {Daring Fireball},
  date    = {2004-12-17},
  urldate = {2019-02-03},
  url     = {https://daringfireball.net/projects/markdown/}}


@InBook{html-history,
  author    = {Dave Raggett and Jenny Lam and Ian Alexander and Michael Kmiec},
  title     = {Raggett on HTML 4},
  chapter   = 2,
  publisher = {Addison-Wesley},
  isbn      = 0201178052,
  date      = {1998},
  urldate   = {2019-02-06},
  url       = {https://www.w3.org/People/Raggett/book4/ch02.html}}


@InBook{css-saga,
  author    = {Håkon Wimu Lie and Bert Bos},
  title     = {Cascading Style Sheet – designing for the Web},
  chapter   = 20,
  publisher = {Addison-Wesley},
  isbn      = 0321193121,
  edition   = 3,
  date      = {2005},
  urldate   = {2019-02-05},
  url       = {https://www.w3.org/Style/LieBos2e/history/}}


@misc{css-proposal,
  author  = {Håkon Wimu Lie},
  title   = {Cascading HTML style sheets -- a proposal},
  date    = {1994-10-10},
  urldate = {2019-02-10},
  url     = {https://www.w3.org/People/howcome/p/cascade.html}}


@article{conversion-rate-statistics,
  title   = {The State of Online Retail Performance},
  journal = {Akamai Technologies},
  date    = {2017-04-19},
  urldate = {2019-02-13},
  url     = {https://www.akamai.com/us/en/multimedia/documents/report/akamai-state-of-online-retail-performance-2017-holiday.pdf}}


@misc{intro-to-programming-languages,
  author  = {Anthony A. Aaby},
  title   = {Introduction to Programming Languages},
  date    = {2014},
  urldate = {2019-02-17},
  url     = {https://web.archive.org/web/20121108043216/http://www.emu.edu.tr/aelci/Courses/D-318/D-318-Files/plbook/intro.htm}}


@misc{ftp-specification,
  author  = {J. Postel and J. Reynolds},
  title   = {Official specification of the File Transfer Protocol (FTP)},
  date    = {1985},
  urldate = {2019-02-19},
  url     = {https://tools.ietf.org/html/rfc959}}


@misc{browser-statistics,
  title   = {The Most Popular Browsers},
  date    = {2019-01},
  urldate = {2019-03-02},
  url     = {https://www.w3schools.com/browsers/default.asp}}


@article{reddit-demographics,
  author  = {Amy Mitchell and Michael Barthel and Galen Stocking and Jesse Holcomb},
  title   = {Reddit news users more likely to be male, young and digital in their news preferences},
  journal = {Pew Research Center},
  date    = {2016-02-25},
  urldate = {2019-03-12},
  url     = {http://www.journalism.org/2016/02/25/reddit-news-users-more-likely-to-be-male-young-and-digital-in-their-news-preferences/}}


@misc{women-in-stem,
  title   = {Women in STEM Statistics},
  date    = {2018-03-05},
  urldate = {2019-03-12},
  url     = {https://www.stemwomen.co.uk/blog/2018/03/useful-statistics-women-in-stem}}
